%YAML 1.1
%TAG !u! tag:unity3d.com,2011:
--- !u!1 &150694
GameObject:
  m_ObjectHideFlags: 0
  m_PrefabParentObject: {fileID: 0}
  m_PrefabInternal: {fileID: 100100000}
  serializedVersion: 4
  m_Component:
  - 4: {fileID: 445804}
  - 212: {fileID: 21275802}
  - 114: {fileID: 11446316}
  - 60: {fileID: 6041758}
  m_Layer: 0
  m_Name: Enemy_Rock
  m_TagString: Untagged
  m_Icon: {fileID: 0}
  m_NavMeshLayer: 0
  m_StaticEditorFlags: 0
  m_IsActive: 1
--- !u!4 &445804
Transform:
  m_ObjectHideFlags: 1
  m_PrefabParentObject: {fileID: 0}
  m_PrefabInternal: {fileID: 100100000}
  m_GameObject: {fileID: 150694}
  m_LocalRotation: {x: 0, y: 0, z: 0, w: 1}
  m_LocalPosition: {x: 50.229958, y: -5.0091066, z: 0}
  m_LocalScale: {x: 1, y: 1, z: 1}
  m_Children: []
  m_Father: {fileID: 0}
  m_RootOrder: 0
--- !u!60 &6041758
PolygonCollider2D:
  m_ObjectHideFlags: 1
  m_PrefabParentObject: {fileID: 0}
  m_PrefabInternal: {fileID: 100100000}
  m_GameObject: {fileID: 150694}
  m_Enabled: 1
  m_Density: 1
  m_Material: {fileID: 0}
  m_IsTrigger: 0
  m_UsedByEffector: 0
  m_Offset: {x: 0, y: 0}
  m_Points:
    m_Paths:
    - - {x: 0.92499995, y: -1.035}
      - {x: 1.035, y: -0.945}
      - {x: 1.0849999, y: -0.905}
      - {x: 1.025, y: -0.775}
      - {x: 0.675, y: -0.695}
      - {x: 0.85499996, y: -0.575}
      - {x: 0.97499996, y: -0.575}
      - {x: 1.125, y: -0.585}
      - {x: 1.3149999, y: -0.49499997}
      - {x: 1.425, y: -0.155}
      - {x: 1.365, y: -0.105}
      - {x: 1.135, y: -0.005}
      - {x: 1.295, y: 0.085}
      - {x: 1.3149999, y: 0.145}
      - {x: 1.295, y: 0.305}
      - {x: 1.165, y: 0.385}
      - {x: 0.945, y: 0.435}
      - {x: 1.115, y: 0.505}
      - {x: 1.275, y: 0.655}
      - {x: 1.3349999, y: 0.73499995}
      - {x: 1.395, y: 0.66499996}
      - {x: 1.385, y: 0.125}
      - {x: 1.405, y: 0.114999995}
      - {x: 1.4449999, y: 0.125}
      - {x: 1.485, y: 0.275}
      - {x: 1.545, y: 0.525}
      - {x: 1.545, y: 1.015}
      - {x: 1.4549999, y: 1.145}
      - {x: 1.3149999, y: 1.2149999}
      - {x: 0.955, y: 1.2149999}
      - {x: 0.155, y: 1.115}
      - {x: -0.275, y: 1.045}
      - {x: -0.635, y: 1.015}
      - {x: -0.805, y: 0.865}
      - {x: -0.935, y: 0.775}
      - {x: -1.165, y: 0.695}
      - {x: -1.525, y: 0.53499997}
      - {x: -1.545, y: 0.505}
      - {x: -1.545, y: 0.195}
      - {x: -1.425, y: 0.065}
      - {x: -1.375, y: 0.035}
      - {x: -1.125, y: -0.005}
      - {x: -1.105, y: -0.095}
      - {x: -1.025, y: -0.21499999}
      - {x: -0.965, y: -0.235}
      - {x: -0.675, y: -0.265}
      - {x: -0.72499996, y: -0.355}
      - {x: -0.72499996, y: -0.405}
      - {x: -0.635, y: -0.555}
      - {x: -0.745, y: -0.615}
      - {x: -0.815, y: -0.695}
      - {x: -0.815, y: -0.755}
      - {x: -0.765, y: -0.805}
      - {x: -0.895, y: -0.98499995}
      - {x: -0.895, y: -1.045}
      - {x: -0.85499996, y: -1.0849999}
      - {x: 0.074999996, y: -1.0849999}
      - {x: 0.295, y: -1.0649999}
      - {x: 0.48499998, y: -1.045}
      - {x: 0.705, y: -1.0649999}
--- !u!114 &11446316
MonoBehaviour:
  m_ObjectHideFlags: 1
  m_PrefabParentObject: {fileID: 0}
  m_PrefabInternal: {fileID: 100100000}
  m_GameObject: {fileID: 150694}
  m_Enabled: 1
  m_EditorHideFlags: 0
  m_Script: {fileID: 11500000, guid: cc33565635590484199c96be5b01741f, type: 3}
  m_Name: 
  m_EditorClassIdentifier: 
  animationStateDie: 0
--- !u!212 &21275802
SpriteRenderer:
  m_ObjectHideFlags: 1
  m_PrefabParentObject: {fileID: 0}
  m_PrefabInternal: {fileID: 100100000}
  m_GameObject: {fileID: 150694}
  m_Enabled: 1
  m_CastShadows: 0
  m_ReceiveShadows: 0
  m_Materials:
  - {fileID: 10754, guid: 0000000000000000e000000000000000, type: 0}
  m_SubsetIndices: 
  m_StaticBatchRoot: {fileID: 0}
  m_UseLightProbes: 0
  m_ReflectionProbeUsage: 0
  m_ProbeAnchor: {fileID: 0}
  m_ScaleInLightmap: 1
  m_PreserveUVs: 0
  m_IgnoreNormalsForChartDetection: 0
  m_ImportantGI: 0
  m_MinimumChartSize: 4
  m_AutoUVMaxDistance: 0.5
  m_AutoUVMaxAngle: 89
  m_LightmapParameters: {fileID: 0}
  m_SortingLayerID: 0
  m_SortingOrder: 0
  m_Sprite: {fileID: 21300000, guid: 8c8ea4de53c864da8b3ccc1c93330034, type: 3}
  m_Color: {r: 1, g: 1, b: 1, a: 1}
  m_FlipX: 0
  m_FlipY: 0
--- !u!1001 &100100000
Prefab:
  m_ObjectHideFlags: 1
  serializedVersion: 2
  m_Modification:
    m_TransformParent: {fileID: 0}
    m_Modifications: []
    m_RemovedComponents: []
  m_ParentPrefab: {fileID: 0}
  m_RootGameObject: {fileID: 150694}
  m_IsPrefabParent: 1
