%YAML 1.1
%TAG !u! tag:unity3d.com,2011:
--- !u!1 &160750
GameObject:
  m_ObjectHideFlags: 0
  m_PrefabParentObject: {fileID: 0}
  m_PrefabInternal: {fileID: 100100000}
  serializedVersion: 4
  m_Component:
  - 4: {fileID: 496308}
  - 212: {fileID: 21210736}
  - 60: {fileID: 6022230}
  - 114: {fileID: 11472440}
  m_Layer: 0
  m_Name: Enemy_Bot_2
  m_TagString: Untagged
  m_Icon: {fileID: 0}
  m_NavMeshLayer: 0
  m_StaticEditorFlags: 0
  m_IsActive: 1
--- !u!4 &496308
Transform:
  m_ObjectHideFlags: 1
  m_PrefabParentObject: {fileID: 0}
  m_PrefabInternal: {fileID: 100100000}
  m_GameObject: {fileID: 160750}
  m_LocalRotation: {x: 0, y: 0, z: 0, w: 1}
  m_LocalPosition: {x: 0, y: 0, z: 0}
  m_LocalScale: {x: 1, y: 1, z: 1}
  m_Children: []
  m_Father: {fileID: 0}
  m_RootOrder: 0
--- !u!60 &6022230
PolygonCollider2D:
  m_ObjectHideFlags: 1
  m_PrefabParentObject: {fileID: 0}
  m_PrefabInternal: {fileID: 100100000}
  m_GameObject: {fileID: 160750}
  m_Enabled: 1
  m_Density: 1
  m_Material: {fileID: 0}
  m_IsTrigger: 0
  m_UsedByEffector: 0
  m_Offset: {x: 0, y: 0}
  m_Points:
    m_Paths:
    - - {x: 10.716562, y: 0.6414844}
      - {x: 10.468594, y: 0.6522656}
      - {x: 10.306875, y: 0.6630469}
      - {x: 10.1667185, y: 0.6738281}
      - {x: 9.929531, y: 0.69539064}
      - {x: 9.724688, y: 0.7169531}
      - {x: 9.379687, y: 0.76007813}
      - {x: 9.0885935, y: 0.8032031}
      - {x: 8.851406, y: 0.84632814}
      - {x: 8.474063, y: 0.92179686}
      - {x: 8.258437, y: 0.9757031}
      - {x: 8.053594, y: 1.0296093}
      - {x: 7.891875, y: 1.0727344}
      - {x: 7.6546874, y: 1.1482031}
      - {x: 7.460625, y: 1.2128906}
      - {x: 7.212656, y: 1.2991406}
      - {x: 7.1048436, y: 1.3314843}
      - {x: 7.0078125, y: 1.3746094}
      - {x: 6.8784375, y: 1.4285157}
      - {x: 6.565781, y: 1.5578907}
      - {x: 6.4148436, y: 1.6225781}
      - {x: 6.1992188, y: 1.7196094}
      - {x: 6.177656, y: 1.7196094}
      - {x: 5.918906, y: 1.8489844}
      - {x: 5.8434377, y: 1.8813281}
      - {x: 5.681719, y: 1.9567969}
      - {x: 5.5307813, y: 2.0214844}
      - {x: 5.3367186, y: 2.1077344}
      - {x: 5.0132813, y: 2.2371094}
      - {x: 4.8946877, y: 2.2802343}
      - {x: 4.57125, y: 2.388047}
      - {x: 4.150781, y: 2.4958594}
      - {x: 3.9351563, y: 2.5389843}
      - {x: 3.7842188, y: 2.5605469}
      - {x: 3.6979687, y: 2.5713282}
      - {x: 3.493125, y: 2.5928905}
      - {x: 3.3529687, y: 2.6036718}
      - {x: 2.7492187, y: 2.6036718}
      - {x: 2.5982811, y: 2.5928905}
      - {x: 2.3934374, y: 2.5713282}
      - {x: 2.1454687, y: 2.5389843}
      - {x: 1.854375, y: 2.485078}
      - {x: 1.5848438, y: 2.431172}
      - {x: 1.2398437, y: 2.3233593}
      - {x: 1.0457813, y: 2.2586718}
      - {x: 0.8409375, y: 2.1832032}
      - {x: 0.7115625, y: 2.140078}
      - {x: 0.6145312, y: 2.0969532}
      - {x: 0.301875, y: 1.9675782}
      - {x: 0.11859375, y: 1.8813281}
      - {x: -0.22640625, y: 1.7088281}
      - {x: -0.24796875, y: 1.7088281}
      - {x: -0.301875, y: 1.6872656}
      - {x: -0.3234375, y: 1.6657032}
      - {x: -0.59296876, y: 1.5363281}
      - {x: -0.733125, y: 1.4608594}
      - {x: -0.9703125, y: 1.3314843}
      - {x: -1.164375, y: 1.2236719}
      - {x: -1.336875, y: 1.1266407}
      - {x: -1.5309376, y: 1.0188282}
      - {x: -1.63875, y: 0.9541406}
      - {x: -1.8328125, y: 0.84632814}
      - {x: -2.0592186, y: 0.7169531}
      - {x: -2.113125, y: 0.68460935}
      - {x: -2.3071876, y: 0.5767969}
      - {x: -2.3826563, y: 0.53367186}
      - {x: -2.544375, y: 0.44742188}
      - {x: -2.6198437, y: 0.40429688}
      - {x: -2.889375, y: 0.26414064}
      - {x: -3.0079687, y: 0.19945313}
      - {x: -3.2775, y: 0.07007813}
      - {x: -3.3529687, y: 0.037734374}
      - {x: -3.4715624, y: -0.016171874}
      - {x: -3.6332812, y: -0.08085938}
      - {x: -3.7734375, y: -0.13476562}
      - {x: -4.0321875, y: -0.22101562}
      - {x: -4.107656, y: -0.24257812}
      - {x: -4.355625, y: -0.3072656}
      - {x: -4.538906, y: -0.33960938}
      - {x: -4.7545314, y: -0.36117187}
      - {x: -4.7653127, y: -0.37195313}
      - {x: -5.1210938, y: -0.37195313}
      - {x: -5.131875, y: -0.36117187}
      - {x: -5.4445314, y: -0.31804687}
      - {x: -5.5954685, y: -0.27492186}
      - {x: -5.746406, y: -0.22101562}
      - {x: -5.854219, y: -0.17789063}
      - {x: -6.0914063, y: -0.048515625}
      - {x: -6.1992188, y: 0.026953125}
      - {x: -6.4471874, y: 0.22101562}
      - {x: -6.630469, y: 0.3503906}
      - {x: -6.759844, y: 0.43664062}
      - {x: -6.9, y: 0.5228906}
      - {x: -7.018594, y: 0.59835935}
      - {x: -7.2234373, y: 0.7169531}
      - {x: -7.4390626, y: 0.83554685}
      - {x: -7.8595314, y: 1.0403906}
      - {x: -8.02125, y: 1.1158594}
      - {x: -8.398594, y: 1.2775781}
      - {x: -8.571094, y: 1.3422656}
      - {x: -8.765156, y: 1.4285157}
      - {x: -9.196406, y: 1.5578907}
      - {x: -9.541407, y: 1.6549219}
      - {x: -9.66, y: 1.6872656}
      - {x: -9.74625, y: 1.7088281}
      - {x: -9.983438, y: 1.7627344}
      - {x: -10.188281, y: 1.8058593}
      - {x: -10.339219, y: 1.8382031}
      - {x: -10.533281, y: 1.8705468}
      - {x: -10.748906, y: 1.9028906}
      - {x: -10.889063, y: 1.9244531}
      - {x: -11.04, y: 1.9352344}
      - {x: -11.04, y: -2.614453}
      - {x: 11.04, y: -2.614453}
      - {x: 11.04, y: 0.63070315}
      - {x: 10.727344, y: 0.63070315}
--- !u!114 &11472440
MonoBehaviour:
  m_ObjectHideFlags: 1
  m_PrefabParentObject: {fileID: 0}
  m_PrefabInternal: {fileID: 100100000}
  m_GameObject: {fileID: 160750}
  m_Enabled: 1
  m_EditorHideFlags: 0
  m_Script: {fileID: 11500000, guid: cc33565635590484199c96be5b01741f, type: 3}
  m_Name: 
  m_EditorClassIdentifier: 
  animationStateDie: 0
--- !u!212 &21210736
SpriteRenderer:
  m_ObjectHideFlags: 1
  m_PrefabParentObject: {fileID: 0}
  m_PrefabInternal: {fileID: 100100000}
  m_GameObject: {fileID: 160750}
  m_Enabled: 1
  m_CastShadows: 0
  m_ReceiveShadows: 0
  m_Materials:
  - {fileID: 10754, guid: 0000000000000000e000000000000000, type: 0}
  m_SubsetIndices: 
  m_StaticBatchRoot: {fileID: 0}
  m_UseLightProbes: 0
  m_ReflectionProbeUsage: 0
  m_ProbeAnchor: {fileID: 0}
  m_ScaleInLightmap: 1
  m_PreserveUVs: 0
  m_IgnoreNormalsForChartDetection: 0
  m_ImportantGI: 0
  m_MinimumChartSize: 4
  m_AutoUVMaxDistance: 0.5
  m_AutoUVMaxAngle: 89
  m_LightmapParameters: {fileID: 0}
  m_SortingLayerID: 0
  m_SortingOrder: 1
  m_Sprite: {fileID: 21300002, guid: aa7272480393e4d2aa8ae49918f08537, type: 3}
  m_Color: {r: 1, g: 1, b: 1, a: 1}
  m_FlipX: 0
  m_FlipY: 0
--- !u!1001 &100100000
Prefab:
  m_ObjectHideFlags: 1
  serializedVersion: 2
  m_Modification:
    m_TransformParent: {fileID: 0}
    m_Modifications: []
    m_RemovedComponents: []
  m_ParentPrefab: {fileID: 0}
  m_RootGameObject: {fileID: 160750}
  m_IsPrefabParent: 1
